% Encoding: UTF-8

@Conference{Theis16,
  author    = {Theis, Julian and Pfifer, Harald and Seiler, Peter},
  title     = {{Robust control design for active flutter suppression}},
  booktitle = {Proc. of Atmospheric Flight Mechanics Conference, AIAA SciTech Forum},
  year      = {2016},
  address   = {San Diego, CA},
  publisher = {AIAA},
  doi       = {10.2514/6.2016-1751},
}

@Conference{luspay18,
  author    = {Luspay, Tam{\'a}s and P{\'e}ni, Tam{\'a}s and Vanek, B{\'a}lint},
  title     = {Control oriented reduced order modeling of a flexible winged aircraft},
  booktitle = {Proc. of IEEE Aerospace Conference},
  year      = {2018},
  address   = {Big Sky, MT},
  publisher = {IEEE},
  doi       = {10.1109/AERO.2018.8396496},
}

@Conference{Danowsky18,
  author    = {Danowsky, Brian P and Kotikalpudi, Aditya and Schmidt, David and Regan, Chris and Seiler, Peter},
  title     = {{Flight Testing Flutter Suppression on a Small Flexible Flying-Wing Aircraft}},
  booktitle = {Proc. of Multidisciplinary Analysis and Optimization Conference, AIAA AVIATION Forum},
  year      = {2018},
  address   = {Atlanta, GA},
  publisher = {AIAA},
  doi       = {10.2514/6.2018-3427},
}

@Conference{Danowsky17,
  author    = {Danowsky, Brian P},
  title     = {{Flutter Suppression of a Small Flexible Aircraft using MIDAAS}},
  booktitle = {Proc. of Atmospheric Flight Mechanics Conference, AIAA AVIATION Forum},
  year      = {2017},
  address   = {Denver, CO},
  publisher = {AIAA},
  doi       = {10.2514/6.2017-4353},
}

@Conference{Roessler19,
  author    = {C. Roessler and P. Stahl and F. Sendner and A. Hermanutz and S. Koeberle and J. Bartasevicius and V. Rozov and C. Breitsamter and M. Hornung and Y. M. Meddaikar and J. Dillinger and J. Sodja and R. De Breuker and C. Koimtzoglou and D. Kotinis and P. Georgopoulos},
  title     = {{Aircraft Design and Testing of FLEXOP Unmanned Flying Demonstrator to Test Load Alleviation and Flutter Suppression of High Aspect Ratio Flexible Wings}},
  booktitle = {Proc. of AIAA Scitech Forum},
  year      = {2019},
  address   = {San Diego, CA},
  publisher = {AIAA},
  doi       = {10.2514/6.2019-1813},
}

@Conference{Stahl17,
  author    = {Stahl, Philipp and Sendner, Franz-Michael and Hermanutz, Andreas and R{\"o}{\ss}ler, Christian and Hornung, Mirko},
  title     = {{Mission and Aircraft Design of FLEXOP Unmanned Flying Demonstrator to Test Flutter Suppression within Visual Line of Sight}},
  booktitle = {Proc. of 17th AIAA Aviation Technology, Integration, and Operations Conference, AIAA AVIATION Forum},
  year      = {2017},
  address   = {Denver, CO},
  publisher = {AIAA},
  doi       = {10.2514/6.2017-3766},
}

@Book{brock11,
  title     = {Flugregelung},
  publisher = {Springer Verlag Berlin Heidelberg},
  year      = {2011},
  author    = {R. Brockhaus and W. Alles and R. Luckner},
  edition   = {3},
}

@Book{Stevens15,
  title     = {{Aircraft control and simulation: dynamics, controls design, and autonomous systems}},
  publisher = {John Wiley \& Sons},
  year      = {2015},
  author    = {Stevens, Brian L and Lewis, Frank L and Johnson, Eric N},
}

@Article{Apkarian06,
  author  = {P. Apkarian and D. Noll},
  title   = {{Nonsmooth $H_{\infty}$ Synthesis}},
  journal = {IEEE Transactions on Automatic Control},
  year    = {2006},
  volume  = {51},
  number  = {1},
  pages   = {71-86},
  doi     = {10.1109/TAC.2005.860290},
}

@Book{Skoge_05,
  title     = {Multivariable Feedback Control -- Analysis and Design},
  publisher = {John Wiley \& Sons},
  year      = {2005},
  author    = {S. Skogestad and I. Postlethwaite},
  location  = {New York},
  owner     = {ossm_da},
  timestamp = {2014.03.10},
}

@Article{Pusch18a,
  author  = {M. Pusch and D. Ossmann},
  title   = {{$\mathcal{H}_2$-optimal Blending of Inputs and Outputs for Modal Control}},
  journal = {Submitted to Transaction of Control System Technology},
  year    = {2018},
}

@Conference{Apkarian14,
  author    = {Apkarian, Pierre and Gahinet, Pascal and Buhr, Craig},
  title     = {Multi-model, multi-objective tuning of fixed-structure controllers},
  booktitle = {Proc. of European Control Conference},
  year      = {2014},
  address   = {Strasbourg, France},
  publisher = {IEEE},
  doi       = {10.1109/ECC.2014.6862200},
}

@Article{Apkarian15,
  author  = {P. Apkarian and M.-N. Dao and D. Noll},
  title   = {{Parametric Robust Structured Control Design}},
  journal = {IEEE Transactions on Automatic Control},
  year    = {2015},
  volume  = {60},
  number  = {7},
  pages   = {1857--1869},
  doi     = {10.1109/TAC.2015.2396644},
}

@Conference{Sendner17,
  author    = {Sendner, Franz-Michael and Stahl, Philipp and R{\"o}{\ss}ler, Christian and Hornung, Mirko},
  title     = {{Designing an UAV Propulsion System for Dedicated Acceleration and Deceleration Requirements}},
  booktitle = {Proc. of 17th AIAA Aviation Technology, Integration, and Operations Conference, AIAA AVIATION Forum},
  year      = {2017},
  address   = {Denver, CO},
  publisher = {AIAA},
  doi       = {10.2514/6.2017-4105},
}

@Conference{Ossmann19a,
  author    = {D. Ossmann and T. Luspay and B. Vanek},
  title     = {{Baseline Flight Control System Design for an Unmanned Flutter Demonstrator}},
  booktitle = {Proc. of IEEE Aerospace Conference},
  year      = {2019},
  address   = {Big Sky, MT},
  publisher = {IEEE},
}

@Book{preumont1997,
  title     = {{Vibration control of active structures}},
  publisher = {Springer},
  year      = {1997},
  author    = {Preumont, Andr{\'e}},
  volume    = {2},
}

@Conference{Meddaikar19,
  author    = {Yasser Meddaikar and Johannes Dillinger and Thomas Klimmek and Wolf Krueger and Matthias Wuestenhagen and Thiemo Kier and Andreas Hermanutz and Mirko Hornung and Vladyslav Rozov and Christian Breitsamter and James Alderman and Bela Takarics and Balint Vanek},
  title     = {{Aircraft Aeroservoelastic Modelling of the FLEXOP Unmanned Flying Demonstrator}},
  booktitle = {Proc. of AIAA Scitech Forum},
  year      = {2019},
  address   = {San Diego, CA},
  publisher = {AIAA},
  doi       = {10.2514/6.2019-1815},
}

@Article{Iannelli18,
  author  = {Iannelli, Andrea and Marcos, Andr{\'e}s and Lowenberg, Mark},
  title   = {{Aeroelastic modeling and stability analysis: A robust approach to the flutter problem}},
  journal = {{International Journal of Robust and Nonlinear Control}},
  year    = {2018},
  volume  = {28},
  number  = {1},
  pages   = {342-364},
  doi     = {10.1002/rnc.3878},
}

@Conference{Rozov17,
  author    = {Rozov, Vladyslav and Hermanutz, Andreas and Breitsamter, Christian and Hornung, Mirko},
  title     = {{Aeroelastic Analysis of a Flutter Demonstrator with a very Flexible High-Aspect-Ratio Swept Wing}},
  booktitle = {Proc. of International Forum on Aeroelasticity and Structural Dynamics},
  year      = {2017},
  address   = {Como, Italy},
  publisher = {IFASD},
}

@Book{McRuer73,
  title     = {Aircraft Dynamics and Automatic Control},
  publisher = {Princeton University Press, Princeton, NJ},
  year      = {2014},
  author    = {McRuer, Duane T and Graham, Dunstan and Ashkenas, Irving},
  volume    = {740},
}

@Conference{Wuestenhagen18,
  author    = {W{\"u}stenhagen, Matthias and Kier, Thiemo and Pusch, Manuel and Ossmann, Daniel and Meddaikar, Muhammad Yasser and Hermanutz, Andreas},
  title     = {Aeroservoelastic Modeling and Analysis of a Highly Flexible Flutter Demonstrator},
  booktitle = {Proc. of Atmospheric Flight Mechanics Conference, AIAA AVIATION Forum},
  year      = {2018},
  address   = {Atlanta, GA},
  publisher = {AIAA},
  doi       = {10.2514/6.2018-3150},
  location  = {Atlanta, GA, USA},
}

@Article{Luspay18a,
  author  = {Luspay, Tam{\'a}s and P{\'e}ni, Tam{\'a}s and G{\H{o}}zse, Istv{\'a}n and Szab{\'o}, Zolt{\'a}n and Vanek, B{\'a}lint},
  title   = {{Model reduction for LPV systems based on approximate modal decomposition}},
  journal = {International Journal for Numerical Methods in Engineering},
  year    = {2018},
  volume  = {113},
  number  = {6},
  pages   = {891--909},
  doi     = {10.1002/nme.5692},
}

@Conference{Pusch2018,
  author        = {Pusch, Manuel},
  title         = {{Aeroelastic Mode Control using $H_2$-optimal Blends for Inputs and Outputs}},
  booktitle     = {Proc. of Guidance, Navigation, and Control Conference, AIAA SciTech Forum},
  year          = {2018},
  address       = {Kissimmee, FL},
  publisher     = {AIAA},
  __markedentry = {[pusc_ma:6]},
  doi           = {10.2514/6.2018-0618},
  owner         = {pusc_ma},
  timestamp     = {2019.01.24},
}

@Comment{jabref-meta: databaseType:bibtex;}
